@book {cam_romance,
  title =        "The Cambridge History of The Romance Languages: Structures",
  volume =       "1",
  editor =       "Martin Maiden and John Charles Smith and Adam
                  Ledgeway",
  publisher =    "Cambridge University Press",
  year =         "2011",
}

@book {romance_his,
  title =        "Romance Languages: A Historical Introduction",
  author =       "Ti Alkire and Carol Rosen",
  publisher = "Cambridge University Press",
  year = "2010",
}

@book {lloyd_spanish,
title = "From Latin to Spanish",
author = "Paul M. Lloyd",
publisher = "American Philosophical Society",
year = "1987",
}

@misc {hualde_iberian,
title = "Ibero-Romance II: Astur-Leonese, Spanish, Navarro-Aragonese",
author = "Jos√© Ignacio Hualde",
publisher = "Oxford University Press",
year = "2010",
}